
@article{Yau-Zaslow,
author="S.-T. Yau and E. Zaslow",
note="Also: hep-th/9512121",
title="{BPS} states, string duality, and nodal curves on {$K3$}",
journal="Nuclear Physics B",
volume=471,
number=3,                  
pages="503--512",
year=1996 } 


@misc{Zhan-2019-counting-curves-on-K3,
    title = {{Counting Rational Curves On $K3$ Surfaces With Finite Group Actions}},
    author = {Sailun Zhan},
    note = { arXiv:math/1907.03330}}

@article {Behrend-Bryan-Szendroi,
    AUTHOR = {Behrend, Kai and Bryan, Jim and Szendr{\H{o}}i, Bal{\'a}zs},
     TITLE = {Motivic degree zero {D}onaldson-{T}homas invariants},
   JOURNAL = {Invent. Math.},
  FJOURNAL = {Inventiones Mathematicae},
    VOLUME = {192},
      YEAR = {2013},
    NUMBER = {1},
     PAGES = {111--160},
      ISSN = {0020-9910},
     CODEN = {INVMBH},
   MRCLASS = {14N35 (14C05)},
  MRNUMBER = {3032328},
note = { arXiv:math/0909.5088},
       DOI = {10.1007/s00222-012-0408-1},
       URL = {http://dx.doi.org.ezproxy.library.ubc.ca/10.1007/s00222-012-0408-1},
}

		
@article {GZ-L-MH-power,
    AUTHOR = {Gusein-Zade, Sabir M. and Luengo, Ignacio and Melle-Hern{\'a}ndez, Alejandro},
     TITLE = {A power structure over the {G}rothendieck ring of varieties},
   JOURNAL = {Math. Res. Lett.},
  FJOURNAL = {Mathematical Research Letters},
    VOLUME = {11},
      YEAR = {2004},
    NUMBER = {1},
     PAGES = {49--57},
      ISSN = {1073-2780},
   MRCLASS = {14G10 (14C35 19E99)},
  MRNUMBER = {MR2046199 (2004m:14038)},
MRREVIEWER = {Dirk Segers},
}



@misc{Pietromonaco_2018,
    title = {{An introduction to modern enumerative geometry with
                  applications to the banana manifold}},
    author = {Pietromonaco, Stephen},
    note = {2018 UBC masters thesis. arXiv:1905.07085 }}

@misc{Nicaise-Shinder,
    title = {{The Motivic Nearby Fiber And Degeneration Of Stable Rationality}},
    author = {Johannes Nicaise And Evgeny Shinder},
    note = { arXiv:math/1708.02790 }}


@article {Huybrechts,
   AUTHOR = {Huybrechts, Daniel},
    TITLE = {Compact hyper-{K}\"ahler manifolds: basic results},
  JOURNAL = {Invent. Math.},
 FJOURNAL = {Inventiones Mathematicae},
   VOLUME = {135},
     YEAR = {1999},
   NUMBER = {1},
    PAGES = {63--113},
     ISSN = {0020-9910},
    CODEN = {INVMBH},
}

@article {Kapranov-Vasserot,
    AUTHOR = {Kapranov, M. and Vasserot, E.},
     TITLE = {Kleinian singularities, derived categories and {H}all
              algebras},
   JOURNAL = {Math. Ann.},
  FJOURNAL = {Mathematische Annalen},
    VOLUME = {316},
      YEAR = {2000},
    NUMBER = {3},
     PAGES = {565--576},
      ISSN = {0025-5831},
   MRCLASS = {14F05 (14J17 14L30 18E30 19A49 32S25)},
  MRNUMBER = {1752785},
MRREVIEWER = {I. Dolgachev},
       DOI = {10.1007/s002080050344},
       URL = {https://doi.org/10.1007/s002080050344},
}
	


@book {Knapp,
   AUTHOR = {Knapp, Anthony W.},
    TITLE = {Lie groups beyond an introduction},
PUBLISHER = {Birkh\"auser Boston Inc.},
  ADDRESS = {Boston, MA},
     YEAR = {1996},
    PAGES = {xvi+604},
     ISBN = {0-8176-3926-8},
  MRCLASS = {22-01 (17-01)},
 MRNUMBER = {98b:22002},
   MRREVR = {H. de Vries},
}


@article {Gonzalez-Sprinberg-Verdier,
    AUTHOR = {Gonzalez-Sprinberg, G. and Verdier, J.-L.},
     TITLE = {Construction g\'eom\'etrique de la correspondance de
              {M}c{K}ay},
   JOURNAL = {Ann. Sci. \'Ecole Norm. Sup. (4)},
  FJOURNAL = {Annales Scientifiques de l'\'Ecole Normale Sup\'erieure.
              Quatri\`eme S\'erie},
    VOLUME = {16},
      YEAR = {1983},
    NUMBER = {3},
     PAGES = {409--449 (1984)},
      ISSN = {0012-9593},
     CODEN = {ASENAH},
   MRCLASS = {14J17 (14B05 20C30)},
  MRNUMBER = {MR740077 (85k:14019)},
MRREVIEWER = {I. Dolgachev},
}

@article {BKR,
    AUTHOR = {Bridgeland, Tom and King, Alastair and Reid, Miles},
     TITLE = {The {M}c{K}ay correspondence as an equivalence of derived
              categories},
   JOURNAL = {J. Amer. Math. Soc.},
  FJOURNAL = {Journal of the American Mathematical Society},
    VOLUME = {14},
      YEAR = {2001},
    NUMBER = {3},
     PAGES = {535--554 (electronic)},
      ISSN = {0894-0347},
   MRCLASS = {14E15 (14F05 14J30 18E30 19L47)},
  MRNUMBER = {MR1824990 (2002f:14023)},
MRREVIEWER = {Ana Jerem{\'{\i}}as L{\'o}pez},
}

@misc{bryan2018chl,
  title={{CHL Calabi-Yau threefolds: Curve counting, Mathieu moonshine and Siegel modular forms}},
  author={Bryan, Jim and Oberdieck, Georg},
  note={arXiv:1811.06102},
  
}

@book{cohen2017modular,
	title={Modular Forms},
	author={Cohen, Henri and Str{\"o}mberg, Fredrik},
	volume={179},
	year={2017},
	publisher={American Mathematical Soc.}
}

@book{iwaniec1997topics,
	title={Topics in classical automorphic forms},
	author={Iwaniec, Henryk},
	volume={17},
	year={1997},
	publisher={American Mathematical Soc.}
}

@book{bourbaki2002lie,
  title={{Lie groups and Lie algebras. Chapters 4--6}},
  series={Elements of Mathematics},
  author={Bourbaki, Nicolas},
  year={2002},
  publisher={Springer-Verlag, Berlin}
}

@article{mukai1988finite,
  title={{Finite groups of automorphisms of K3 surfaces and the Mathieu group}},
  author={Mukai, Shigeru},
  journal={Inventiones mathematicae},
  volume={94},
  number={1},
  pages={183--221},
  year={1988},
  publisher={Springer}
}

@article{young2010generating,
  title={{Generating functions for colored 3D Young diagrams and the Donaldson-Thomas invariants of orbifolds}},
  author={Young, B. and Bryan, J.},
  journal={Duke Math. J.},
  fjournal={Duke Mathematics Journal},
  volume={152},
  number={1},
  pages={115--153},
  year={2010},
  publisher={Duke University Press}
}

@article{gusein2010generating,
  title={{On generating series of classes of equivariant Hilbert schemes of fat points}},
  author={Gusein-Zade, S.~M. and Luengo, I. and Melle-Hern{\'a}ndez, A.},
  journal={Mosc. Math. J.},
  fjournal={Moscow Mathematical Journal},
  volume={10},
  number={3},
  pages={593--602},
  year={2010}
}


@inproceedings{cartan1957quotient,
  title={{Quotient d'un espace analytique par un groupe d'automorphismes}},
  author={Cartan, H.},
  booktitle={Algebraic geometry and topology: a symposium in honor of S. Lefschetz},
  pages={90--102},
  year={1957},
  publisher={Princeton University Press, Princeton, NJ}
}

@inproceedings{nakajima2002geometric,
  title={{Geometric construction of representations of affine algebras}},
  author={Nakajima, Hiraku},
  booktitle={Proceedings of the International Congress of Mathematicians (Beijing, 2002)},
  volume={1},
  pages={423--438},
  publisher={Higher Ed},
  year={2002},
  organization={IMU}
}

@article{nakajima1994instantons,
	title={Instantons on ALE spaces, quiver varieties, and Kac-Moody algebras},
	author={Nakajima, Hiraku},
	journal={Duke Mathematical Journal},
	volume={76},
	number={2},
	pages={365--416},
	year={1994},
	publisher={Duke University Press}
}

@article {Kuznetsov,
    AUTHOR = {Kuznetsov, Alexander},
     TITLE = {Quiver varieties and {H}ilbert schemes},
   JOURNAL = {Mosc. Math. J.},
  FJOURNAL = {Moscow Mathematical Journal},
    VOLUME = {7},
      YEAR = {2007},
    NUMBER = {4},
     PAGES = {673--697, 767},
      ISSN = {1609-3321},
   MRCLASS = {14D21 (14C05 16G20 53C26)},
  MRNUMBER = {2372209},
MRREVIEWER = {Roy M. Skjelnes},
       DOI = {10.17323/1609-4514-2007-7-4-673-697},
       URL = {https://doi-org.ezproxy.library.ubc.ca/10.17323/1609-4514-2007-7-4-673-697},
}

@article {Nakajima1994Duke,
    AUTHOR = {Nakajima, Hiraku},
     TITLE = {Instantons on {ALE} spaces, quiver varieties, and
              {K}ac-{M}oody algebras},
   JOURNAL = {Duke Math. J.},
  FJOURNAL = {Duke Mathematical Journal},
    VOLUME = {76},
      YEAR = {1994},
    NUMBER = {2},
     PAGES = {365--416},
      ISSN = {0012-7094},
   MRCLASS = {53C25 (17B67 58D27 58E15)},
  MRNUMBER = {1302318},
MRREVIEWER = {Andrew Dancer},
       DOI = {10.1215/S0012-7094-94-07613-8},
       URL = {https://doi-org.ezproxy.library.ubc.ca/10.1215/S0012-7094-94-07613-8},
}
	

@article{gusein2004power,
  title={{A power structure over the Grothendieck ring of varieties}},
  author={Gusein-Zade, Sabir M and Luengo, Ignacio and Melle-Hern{\'a}ndez, Alejandro},
  journal={Mathematical Research Letters},
  volume={11},
  number={1},
  pages={49--58},
  year={2004},
  publisher={International Press}
}

@article{gottsche1990betti,
  title={{The Betti numbers of the Hilbert scheme of points on a smooth projective surface}},
  author={G{\"o}ttsche, Lothar},
  journal={Math. Ann.},
  fjournal={Mathematische Annalen},
  volume={286},
  number={1},
  pages={193--207},
  year={1990},
  publisher={Springer}
}

@book{kac1994infinite,
  title={{Infinite-dimensional Lie algebras}},
  author={Kac, Victor G},
  volume={44},
  year={1994},
  publisher={Cambridge University Press}
}

@book{freudenthal1969linear,
  title={{Linear Lie groups}},
  author={Freudenthal, Hand and de Vries, H.},
  year={1969},
  publisher={Academic Press},
}

@article{fujii2017combinatorial,
  title={A combinatorial study on quiver varieties},
  author={Fujii, S and Minabe, S},
  journal={Symmetry, Integrability and Geometry: Methods and Applications (SIGMA)},
  volume={13},
  pages={052--052},
  year={2017}
}

@article{ellingsrud1987homology,
	title={On the homology of the Hilbert scheme of points in the plane},
	author={Ellingsrud, Geir and Str{\o}mme, Stein Arild},
	journal={Inventiones mathematicae},
	volume={87},
	number={2},
	pages={343--352},
	year={1987},
	publisher={Springer}
}

@article{gyenge2017enumeration,
  title={{Enumeration of diagonally colored Young diagrams}},
  author={Gyenge, {\'A}d{\'a}m},
  journal={Monatshefte f{\"u}r Mathematik},
  volume={183},
  number={1},
  pages={143--157},
  year={2017},
  publisher={Springer}
}

@article {xiao1996galois,
    AUTHOR = {Xiao, Gang},
     TITLE = {Galois covers between {$K3$} surfaces},
   JOURNAL = {Ann. Inst. Fourier (Grenoble)},
  FJOURNAL = {Universit\'{e} de Grenoble. Annales de l'Institut Fourier},
    VOLUME = {46},
      YEAR = {1996},
    NUMBER = {1},
     PAGES = {73--88},
      ISSN = {0373-0956},
   MRCLASS = {14J28 (14J50)},
  MRNUMBER = {1385511},
MRREVIEWER = {Shigeyuki Kondo},
       URL = {http://www.numdam.org/item?id=AIF_1996__46_1_73_0},
}
@inproceedings{xiao1996galoisOLD,
  title={{Galois covers between K3 surfaces}},
  author={Xiao, Gang},
  booktitle={Annales de l'institut Fourier},
  volume={46},
  number={1},
  pages={73--88},
  year={1996},
  organization={Chartres: L'Institut, 1950-}
}

@article {gyenge2015euler,
    AUTHOR = {Gyenge, \'{A}d\'{a}m and N\'{e}methi, Andr\'{a}s and Szendr\H{o}i, Bal\'{a}zs},
     TITLE = {Euler characteristics of {H}ilbert schemes of points on simple
              surface singularities},
   JOURNAL = {Eur. J. Math.},
  FJOURNAL = {European Journal of Mathematics},
    VOLUME = {4},
      YEAR = {2018},
    NUMBER = {2},
     PAGES = {439--524},
      ISSN = {2199-675X},
   MRCLASS = {14C05 (05E10 14N10)},
  MRNUMBER = {3799153},
       DOI = {10.1007/s40879-018-0222-4},
       URL = {https://doi-org.ezproxy.library.ubc.ca/10.1007/s40879-018-0222-4},
}
	



@thesis{mersmann1991holomorphe,
	title={{Holomorphe $\eta$-produkte und nichtverschwindende ganze modulformen f{\"u}r $\Gamma_0(n)$}},
	author={Mersmann, Gerd},
	year={1991},
	note={Diplomarbeit, Univ. Bonn}
}

@book{kohler2011eta,
	title={Eta products and theta series identities},
	author={K{\"o}hler, G{\"u}nter},
	year={2011},
	publisher={Springer Science \& Business Media}
}

@incollection{serre1977modular,
	title={Modular forms of weight 1/2},
	author={Serre, Jean-Pierre and Stark, Harold M},
	booktitle={Modular functions of one variable VI},
	pages={27--67},
	year={1977},
	publisher={Springer}
}

@incollection{sturm1987congruence,
	title={On the congruence of modular forms},
	author={Sturm, Jacob},
	booktitle={Number theory},
	pages={275--280},
	year={1987},
	publisher={Springer}
}

@article{kumar2014note,
	title={{A note on the Fourier coefficients of half-integral weight modular forms}},
	author={Kumar, Narasimha and Purkait, Soma},
	journal={Archiv der Mathematik},
	volume={102},
	number={4},
	pages={369--378},
	year={2014},
	publisher={Springer}
}

@book{diamond2005first,
	title={{A first course in modular forms}},
	author={Diamond, Fred and Shurman, Jerry},
	volume={228},
	year={2005},
	publisher={Springer}
}

@incollection{gordon1989multiplicative,
	title={{Multiplicative properties of $\eta$-products}},
	author={Gordon, Basil and Sinor, Dale},
	booktitle={Number theory, Madras 1987},
	pages={173--200},
	year={1989},
	publisher={Springer}
}

@article{gordon1993multiplicative,
	title={{Multiplicative properties of $\eta$-products II}},
	author={Gordon, Basil and Hughes, Kim},
	journal={Contemporary Mathematics},
	volume={143},
	pages={415--415},
	year={1993},
	publisher={American Mathematical Society}
}

@article{newman1957construction,
	title={{Construction and application of a class of modular functions}},
	author={Newman, Morris},
	journal={Proceedings of the London Mathematical Society},
	volume={3},
	number={1},
	pages={334--350},
	year={1957},
	publisher={Wiley Online Library}
}

@article{newman1959construction,
	title={{Construction and application of a class of modular functions II}},
	author={Newman, Morris},
	journal={Proceedings of the London Mathematical Society},
	volume={3},
	number={3},
	pages={373--387},
	year={1959},
	publisher={Wiley Online Library}
}

@book{bruinier20081,
	title={{The 1-2-3 of modular forms: lectures at a summer school in Nordfjordeid, Norway}},
	author={Bruinier, Jan Hendrik and Van Der Geer, Gerard and Harder, G{\"u}nter and Zagier, Don},
	year={2008},
	publisher={Springer Science \& Business Media}
}