@misc{bryan2018chl,
  title={{CHL Calabi-Yau threefolds: Curve counting, Mathieu moonshine and Siegel modular forms}},
  author={Bryan, Jim and Oberdieck, Georg},
  note={arXiv:1811.06102},
  
}

@book{cohen2017modular,
	title={Modular Forms},
	author={Cohen, Henri and Str{\"o}mberg, Fredrik},
	volume={179},
	year={2017},
	publisher={American Mathematical Soc.}
}

@book{iwaniec1997topics,
	title={Topics in classical automorphic forms},
	author={Iwaniec, Henryk},
	volume={17},
	year={1997},
	publisher={American Mathematical Soc.}
}

@book{bourbaki2002lie,
  title={{Lie groups and Lie algebras. Chapters 4--6}},
  series={Elements of Mathematics},
  author={Bourbaki, Nicolas},
  year={2002},
  publisher={Springer-Verlag, Berlin}
}

@article{mukai1988finite,
  title={{Finite groups of automorphisms of K3 surfaces and the Mathieu group}},
  author={Mukai, Shigeru},
  journal={Inventiones mathematicae},
  volume={94},
  number={1},
  pages={183--221},
  year={1988},
  publisher={Springer}
}

@article{young2010generating,
  title={{Generating functions for colored 3D Young diagrams and the Donaldson-Thomas invariants of orbifolds}},
  author={Young, B. and Bryan, J.},
  journal={Duke Math. J.},
  fjournal={Duke Mathematics Journal},
  volume={152},
  number={1},
  pages={115--153},
  year={2010},
  publisher={Duke University Press}
}

@article{gusein2010generating,
  title={{On generating series of classes of equivariant Hilbert schemes of fat points}},
  author={Gusein-Zade, S.~M. and Luengo, I. and Melle-Hern{\'a}ndez, A.},
  journal={Mosc. Math. J.},
  fjournal={Moscow Mathematical Journal},
  volume={10},
  number={3},
  pages={593--602},
  year={2010}
}


@inproceedings{cartan1957quotient,
  title={{Quotient d'un espace analytique par un groupe d'automorphismes}},
  author={Cartan, H.},
  booktitle={Algebraic geometry and topology: a symposium in honor of S. Lefschetz},
  pages={90--102},
  year={1957},
  publisher={Princeton University Press, Princeton, NJ}
}

@inproceedings{nakajima2002geometric,
  title={{Geometric construction of representations of affine algebras}},
  author={Nakajima, H.},
  booktitle={Proceedings of the International Congress of Mathematicians (Beijing, 2002)},
  volume={1},
  pages={423--438},
  publisher={Higher Ed},
  year={2002},
  organization={IMU}
}

@article{gusein2004power,
  title={{A power structure over the Grothendieck ring of varieties}},
  author={Gusein-Zade, Sabir M and Luengo, Ignacio and Melle-Hern{\'a}ndez, Alejandro},
  journal={Mathematical Research Letters},
  volume={11},
  number={1},
  pages={49--58},
  year={2004},
  publisher={International Press}
}

@article{gottsche1990betti,
  title={{The Betti numbers of the Hilbert scheme of points on a smooth projective surface}},
  author={G{\"o}ttsche, L.},
  journal={Math. Ann.},
  fjournal={Mathematische Annalen},
  volume={286},
  number={1},
  pages={193--207},
  year={1990},
  publisher={Springer}
}

@book{kac1994infinite,
  title={{Infinite-dimensional Lie algebras}},
  author={Kac, Victor G},
  volume={44},
  year={1994},
  publisher={Cambridge University Press}
}

@book{freudenthal1969linear,
  title={{Linear Lie groups}},
  author={Freudenthal, H and de Vries, H},
  year={1969},
  publisher={Academic Press},
}

@article{fujii2017combinatorial,
  title={A combinatorial study on quiver varieties},
  author={Fujii, S and Minabe, S},
  journal={Symmetry, Integrability and Geometry: Methods and Applications (SIGMA)},
  volume={13},
  pages={052--052},
  year={2017}
}

@article{ellingsrud1987homology,
	title={On the homology of the Hilbert scheme of points in the plane},
	author={Ellingsrud, Geir and Str{\o}mme, Stein Arild},
	journal={Inventiones mathematicae},
	volume={87},
	number={2},
	pages={343--352},
	year={1987},
	publisher={Springer}
}

@article{gyenge2017enumeration,
  title={{Enumeration of diagonally colored Young diagrams}},
  author={Gyenge, {\'A}d{\'a}m},
  journal={Monatshefte f{\"u}r Mathematik},
  volume={183},
  number={1},
  pages={143--157},
  year={2017},
  publisher={Springer}
}

@inproceedings{xiao1996galois,
  title={{Galois covers between K3 surfaces}},
  author={Xiao, Gang},
  booktitle={Annales de l'institut Fourier},
  volume={46},
  number={1},
  pages={73--88},
  year={1996},
  organization={Chartres: L'Institut, 1950-}
}

@article {gyenge2015euler,
    AUTHOR = {Gyenge, \'{A}d\'{a}m and N\'{e}methi, Andr\'{a}s and Szendr\H{o}i, Bal\'{a}zs},
     TITLE = {Euler characteristics of {H}ilbert schemes of points on simple
              surface singularities},
   JOURNAL = {Eur. J. Math.},
  FJOURNAL = {European Journal of Mathematics},
    VOLUME = {4},
      YEAR = {2018},
    NUMBER = {2},
     PAGES = {439--524},
      ISSN = {2199-675X},
   MRCLASS = {14C05 (05E10 14N10)},
  MRNUMBER = {3799153},
       DOI = {10.1007/s40879-018-0222-4},
       URL = {https://doi-org.ezproxy.library.ubc.ca/10.1007/s40879-018-0222-4},
}
	



@thesis{mersmann1991holomorphe,
	title={{Holomorphe $\eta$-produkte und nichtverschwindende ganze modulformen f{\"u}r $\Gamma_0(n)$}},
	author={Mersmann, Gerd},
	year={1991},
	note={Diplomarbeit, Univ. Bonn}
}

@book{kohler2011eta,
	title={Eta products and theta series identities},
	author={K{\"o}hler, G{\"u}nter},
	year={2011},
	publisher={Springer Science \& Business Media}
}

@incollection{serre1977modular,
	title={Modular forms of weight 1/2},
	author={Serre, Jean-Pierre and Stark, Harold M},
	booktitle={Modular functions of one variable VI},
	pages={27--67},
	year={1977},
	publisher={Springer}
}

@incollection{sturm1987congruence,
	title={On the congruence of modular forms},
	author={Sturm, Jacob},
	booktitle={Number theory},
	pages={275--280},
	year={1987},
	publisher={Springer}
}

@article{kumar2014note,
	title={{A note on the Fourier coefficients of half-integral weight modular forms}},
	author={Kumar, Narasimha and Purkait, Soma},
	journal={Archiv der Mathematik},
	volume={102},
	number={4},
	pages={369--378},
	year={2014},
	publisher={Springer}
}

@book{diamond2005first,
	title={{A first course in modular forms}},
	author={Diamond, Fred and Shurman, Jerry},
	volume={228},
	year={2005},
	publisher={Springer}
}

@incollection{gordon1989multiplicative,
	title={{Multiplicative properties of $\eta$-products}},
	author={Gordon, Basil and Sinor, Dale},
	booktitle={Number theory, Madras 1987},
	pages={173--200},
	year={1989},
	publisher={Springer}
}

@article{gordon1993multiplicative,
	title={{Multiplicative properties of $\eta$-products II}},
	author={Gordon, Basil and Hughes, Kim},
	journal={Contemporary Mathematics},
	volume={143},
	pages={415--415},
	year={1993},
	publisher={American Mathematical Society}
}

@article{newman1957construction,
	title={{Construction and application of a class of modular functions}},
	author={Newman, Morris},
	journal={Proceedings of the London Mathematical Society},
	volume={3},
	number={1},
	pages={334--350},
	year={1957},
	publisher={Wiley Online Library}
}

@article{newman1959construction,
	title={{Construction and application of a class of modular functions II}},
	author={Newman, Morris},
	journal={Proceedings of the London Mathematical Society},
	volume={3},
	number={3},
	pages={373--387},
	year={1959},
	publisher={Wiley Online Library}
}

@book{bruinier20081,
	title={{The 1-2-3 of modular forms: lectures at a summer school in Nordfjordeid, Norway}},
	author={Bruinier, Jan Hendrik and Van Der Geer, Gerard and Harder, G{\"u}nter and Zagier, Don},
	year={2008},
	publisher={Springer Science \& Business Media}
}